@InProceedings{Delmerico19icra,
 author = {Jeffrey Delmerico and Titus Cieslewski and Henri Rebecq and Matthias Faessler and Davide Scaramuzza},
 title = {Are We Ready for Autonomous Drone Racing? The {UZH-FPV} Drone Racing Dataset},
 booktitle = {{IEEE} Int. Conf. Robot. Autom. ({ICRA})},
 year = 2019
}
@misc{giuliari2020transformer,
    title={Transformer Networks for Trajectory Forecasting},
    author={Francesco Giuliari and Irtiza Hasan and Marco Cristani and Fabio Galasso},
    year={2020},
    eprint={2003.08111},
    archivePrefix={arXiv},
    primaryClass={cs.CV}
}
